<record><leader>00000cas a22000007a 4500</leader><controlfield tag="001">11048768</controlfield><controlfield tag="008">840813d19451946hiudn ne     f0    0eng d</controlfield><datafield ind1=" " ind2=" " tag="010"><subfield code="a">sn 84003149 </subfield></datafield><datafield ind1=" " ind2=" " tag="040"><subfield code="a">NYG</subfield><subfield code="b">eng</subfield><subfield code="c">NYG</subfield><subfield code="d">HWN</subfield><subfield code="d">OCL</subfield><subfield code="d">NYG</subfield><subfield code="d">NVF</subfield><subfield code="d">OCLCQ</subfield><subfield code="d">VGM</subfield><subfield code="d">OCLCQ</subfield><subfield code="d">OCLCF</subfield><subfield code="d">OCLCO</subfield></datafield><datafield ind1=" " ind2=" " tag="019"><subfield code="a">1624039</subfield><subfield code="a">2268102</subfield></datafield><datafield ind1="1" ind2=" " tag="029"><subfield code="a">AU@</subfield><subfield code="b">000021577479</subfield></datafield><datafield ind1=" " ind2=" " tag="042"><subfield code="a">msc</subfield></datafield><datafield ind1=" " ind2=" " tag="043"><subfield code="a">p------</subfield></datafield><datafield ind1=" " ind2="4" tag="050"><subfield code="a">D731</subfield><subfield code="b">.S725</subfield></datafield><datafield ind1="0" ind2=" " tag="130"><subfield code="a">Stars and stripes (Honolulu, Hawaii : Pacific ed.)</subfield></datafield><datafield ind1="1" ind2="4" tag="245"><subfield code="a">The stars and stripes.</subfield></datafield><datafield ind1=" " ind2=" " tag="250"><subfield code="a">Pacific ed.</subfield></datafield><datafield ind1=" " ind2=" " tag="260"><subfield code="a">[Honolulu] :</subfield><subfield code="b">Information-Education Section, POA,</subfield><subfield code="c">1945-1946.</subfield></datafield><datafield ind1=" " ind2=" " tag="300"><subfield code="a">volumes :</subfield><subfield code="b">illustrations ;</subfield><subfield code="c">43 cm</subfield></datafield><datafield ind1=" " ind2=" " tag="310"><subfield code="a">Daily (except Sunday)</subfield></datafield><datafield ind1=" " ind2=" " tag="336"><subfield code="a">text</subfield><subfield code="b">txt</subfield><subfield code="2">rdacontent</subfield></datafield><datafield ind1=" " ind2=" " tag="337"><subfield code="a">unmediated</subfield><subfield code="b">n</subfield><subfield code="2">rdamedia</subfield></datafield><datafield ind1=" " ind2=" " tag="338"><subfield code="a">volume</subfield><subfield code="b">nc</subfield><subfield code="2">rdacarrier</subfield></datafield><datafield ind1="0" ind2=" " tag="362"><subfield code="a">Vol. 1, no. 1 (May 14, 1945)-v. 1, no. 222 (Jan. 30, 1946).</subfield></datafield><datafield ind1=" " ind2=" " tag="500"><subfield code="a">Issued as: "Pacific edition, U.S. Armed Forces daily in the Pacific Ocean areas," May 14-July 17, 1945 ; "U.S. Armed Forces daily in the Middle Pacific," July 18, 1945-Jan. 22, 1946 ; "U.S. Armed Forces daily in the Pacific Ocean areas," Jan. 23-30, 1946.</subfield></datafield><datafield ind1=" " ind2=" " tag="500"><subfield code="a">"Published by the Information-Education Section HUSAFMidPac," &lt;Oct. 15, 1945-Jan. 25, 1946&gt;.</subfield></datafield><datafield ind1=" " ind2=" " tag="530"><subfield code="a">Available on microfilm from New York Public Library.</subfield></datafield><datafield ind1="1" ind2="0" tag="610"><subfield code="a">United States.</subfield><subfield code="b">Army</subfield><subfield code="v">Newspapers.</subfield></datafield><datafield ind1=" " ind2="0" tag="650"><subfield code="a">World War, 1939-1945</subfield><subfield code="x">Campaigns</subfield><subfield code="z">Pacific Area</subfield><subfield code="v">Newspapers.</subfield></datafield><datafield ind1=" " ind2="7" tag="655"><subfield code="a">Newspapers.</subfield><subfield code="2">fast</subfield><subfield code="0">(OCoLC)fst01423814</subfield></datafield><datafield ind1="1" ind2="7" tag="610"><subfield code="a">United States.</subfield><subfield code="b">Army.</subfield><subfield code="2">fast</subfield><subfield code="0">(OCoLC)fst00533532</subfield></datafield><datafield ind1="2" ind2="7" tag="611"><subfield code="a">World War (1939-1945)</subfield><subfield code="2">fast</subfield><subfield code="0">(OCoLC)fst01180924</subfield></datafield><datafield ind1=" " ind2="7" tag="648"><subfield code="a">1939 - 1945</subfield><subfield code="2">fast</subfield></datafield><datafield ind1=" " ind2="7" tag="650"><subfield code="a">Military campaigns.</subfield><subfield code="2">fast</subfield><subfield code="0">(OCoLC)fst01710190</subfield></datafield><datafield ind1=" " ind2="7" tag="651"><subfield code="a">Pacific Area.</subfield><subfield code="2">fast</subfield><subfield code="0">(OCoLC)fst01243504</subfield></datafield><datafield ind1="1" ind2=" " tag="710"><subfield code="a">United States.</subfield><subfield code="b">Armed Forces Information and Education Division.</subfield></datafield><datafield ind1="1" ind2=" " tag="710"><subfield code="a">United States.</subfield><subfield code="b">Army.</subfield><subfield code="b">Forces, Middle Pacific.</subfield><subfield code="b">Information-Education Section.</subfield></datafield><datafield ind1=" " ind2=" " tag="752"><subfield code="a">United States</subfield><subfield code="b">Hawaii</subfield><subfield code="c">Honolulu</subfield><subfield code="d">Honolulu.</subfield></datafield><datafield ind1="0" ind2="0" tag="780"><subfield code="t">Midpacifican</subfield><subfield code="w">(DLC)sn 85047246</subfield><subfield code="w">(OCoLC)12587888</subfield></datafield></record>